@article{manchester2011stable,
  title={Stable dynamic walking over uneven terrain},
  author={Manchester, Ian R and Mettin, Uwe and Iida, Fumiya and Tedrake, Russ},
  journal={The International Journal of Robotics Research},
  volume={30},
  number={3},
  pages={265--279},
  year={2011},
  publisher={Sage Publications}
}

@INPROCEEDINGS{manchester13planning, 
	author={Manchester, Ian R and Umenberger, Jack}, 
	booktitle={Robotics and Automation (ICRA), 2014 IEEE International Conference on}, 
	title={Real-time planning with primitives for dynamic walking over uneven terrain}, 
	year={2014}, 
	month={May}, 
	pages={4639-4646}, 
	keywords={greedy algorithms;legged locomotion;path planning;robot dynamics;tree searching;binary search tree;compass-gait walker;energy-based heuristics;five-link walker;greedy depth-first search;motion primitives;planar 7-degree-of-freedom walker;real-time planning;receding-horizon motion planning;underactuated dynamic walking;underactuated mechanical systems;uneven terrain;virtual constraints;virtual holonomic constraints;Collision avoidance;Dynamics;Heuristic algorithms;Legged locomotion;Planning;Robot kinematics}, 
	doi={10.1109/ICRA.2014.6907537},}

@article{westervelt2003hybrid,
  title={Hybrid zero dynamics of planar biped walkers},
  author={Westervelt, Eric R and Grizzle, Jessy W and Koditschek, Daniel E},
  journal={Automatic Control, IEEE Transactions on},
  volume={48},
  number={1},
  pages={42--56},
  year={2003},
  publisher={IEEE}
}

@inproceedings{gat1992integrating,
  title={Integrating planning and reacting in a heterogeneous asynchronous architecture for controlling real-world mobile robots},
  author={Gat, Erann},
  booktitle={AAAi},
  volume={1992},
  pages={809--815},
  year={1992}
}

@inproceedings{georgeff1987reactive,
  title={Reactive reasoning and planning.},
  author={Georgeff, Michael P and Lansky, Amy L},
  booktitle={AAAI},
  volume={87},
  pages={677--682},
  year={1987}
}

@article{vere1983planning,
  title={Planning in time: Windows and durations for activities and goals},
  author={Vere, Steven A},
  journal={Pattern Analysis and Machine Intelligence, IEEE Transactions on},
  number={3},
  pages={246--267},
  year={1983},
  publisher={IEEE}
}

@TECHREPORT{shakey1968,
  AUTHOR={Nilsson, N. J. and Rosen, C. A. and Raphael, B. and Forsen, G. and Chaitin, L. and
     Wahlstrom, S.},
  TITLE={Application of Intelligent Automata to Reconnaissance},
  INSTITUTION={Stanford Research Institute},
  MONTH={December},
  YEAR={1968}
}

@ARTICLE{brooks1986robust, 
author={Brooks, R.A.}, 
journal={Robotics and Automation, IEEE Journal of}, 
title={A robust layered control system for a mobile robot}, 
year={1986}, 
month={Mar}, 
volume={2}, 
number={1}, 
pages={14-23}, 
keywords={Hierarchical systems;Robots, locomotion;Robustness;Acoustic sensors;Boundary conditions;Control systems;Infrared sensors;Laboratories;Mobile robots;Robot control;Robot sensing systems;Robotics and automation;Robust control}, 
doi={10.1109/JRA.1986.1087032}, 
ISSN={0882-4967},}

@inproceedings{boor1999gaussian,
  title={The gaussian sampling strategy for probabilistic roadmap planners},
  author={Boor, Val{\'e}rie and Overmars, Mark H and van der Stappen, A Frank},
  booktitle={Robotics and Automation, 1999. Proceedings. 1999 IEEE International Conference on},
  volume={2},
  pages={1018--1023},
  year={1999},
  organization={IEEE}
}

@inproceedings{tassa2012synthesis,
  title={Synthesis and stabilization of complex behaviors through online trajectory optimization},
  author={Tassa, Yuval and Erez, Tom and Todorov, Emanuel},
  booktitle={Intelligent Robots and Systems (IROS), 2012 IEEE/RSJ International Conference on},
  pages={4906--4913},
  year={2012},
  organization={IEEE}
}

@article{lavalle2001randomized,
  title={Randomized kinodynamic planning},
  author={LaValle, Steven M and Kuffner, James J},
  journal={The International Journal of Robotics Research},
  volume={20},
  number={5},
  pages={378--400},
  year={2001},
  publisher={SAGE Publications}
}

@inproceedings{cohen2011planning,
  title={Planning for manipulation with adaptive motion primitives},
  author={Cohen, Benjamin J and Subramanian, Gokul and Chitta, Sachin and Likhachev, Maxim},
  booktitle={Robotics and Automation (ICRA), 2011 IEEE International Conference on},
  pages={5478--5485},
  year={2011},
  organization={IEEE}
}

@article{frazzoli2002real,
  title={Real-time motion planning for agile autonomous vehicles},
  author={Frazzoli, Emilio and Dahleh, Munther A and Feron, Eric},
  journal={Journal of Guidance, Control, and Dynamics},
  volume={25},
  number={1},
  pages={116--129},
  year={2002}
}

@inproceedings{vonasek2013global,
  title={Global motion planning for modular robots with local motion primitives},
  author={Vonasek, Vojtech and Saska, Martin and Kosnar, Karel and Preucil, Libor},
  booktitle={Robotics and Automation (ICRA), 2013 IEEE International Conference on},
  pages={2465--2470},
  year={2013},
  organization={IEEE}
}

@article{shkolnik2011bounding,
  title={Bounding on rough terrain with the {LittleDog} robot},
  author={Shkolnik, Alexander and Levashov, Michael and Manchester, Ian R and Tedrake, Russ},
  journal={The International Journal of Robotics Research},
  volume={30},
  number={2},
  pages={192--215},
  year={2011},
  publisher={SAGE Publications}
}

@article{frazzoli2005maneuver,
  title={Maneuver-based motion planning for nonlinear systems with symmetries},
  author={Frazzoli, Emilio and Dahleh, Munther A and Feron, Eric},
  journal={Robotics, IEEE Transactions on},
  volume={21},
  number={6},
  pages={1077--1091},
  year={2005},
  publisher={IEEE}
}

@article{shiriaev2005constructive,
  title={Constructive tool for orbital stabilization of underactuated nonlinear systems: Virtual constraints approach},
  author={Shiriaev, Anton and Perram, John W and Canudas-de-Wit, Carlos},
  journal={Automatic Control, IEEE Transactions on},
  volume={50},
  number={8},
  pages={1164--1176},
  year={2005},
  publisher={IEEE}
}

@article{canudas2004concept,
  title={On the concept of virtual constraints as a tool for walking robot control and balancing},
  author={Canudas-de-Wit, Carlos},
  journal={Annual Reviews in Control},
  volume={28},
  number={2},
  pages={157--166},
  year={2004},
  publisher={Elsevier}
}

@article{freidovich2009passive,
  title={A passive {2-DOF} walker: Hunting for gaits using virtual holonomic constraints},
  author={Freidovich, Leonid B and Mettin, Uwe and Shiriaev, Anton S and Spong, Mark W},
  journal={Robotics, IEEE Transactions on},
  volume={25},
  number={5},
  pages={1202--1208},
  year={2009},
  publisher={IEEE}
}

@article{mcgeer1990passive,
  title={Passive dynamic walking},
  author={McGeer, Tad},
  journal={The International Journal of Robotics Research},
  volume={9},
  number={2},
  pages={62--82},
  year={1990},
  publisher={Sage Publications}
}

@article{freidovich2008periodic,
title = "Periodic motions of the {Pendubot} via virtual holonomic constraints: Theory and experiments ",
journal = "Automatica ",
volume = "44",
number = "3",
pages = "785 - 791",
year = "2008",
note = "",
issn = "0005-1098",
doi = "http://dx.doi.org/10.1016/j.automatica.2007.07.011",
url = "http://www.sciencedirect.com/science/article/pii/S0005109807003676",
author = "L. Freidovich and A. Robertsson and A. Shiriaev and R. Johansson",
keywords = "Orbital stabilization",
keywords = "Pendubot",
keywords = "Nonlinear feedback control "
}

@article{sreenath2011compliant,
  title={A compliant hybrid zero dynamics controller for stable, efficient and fast bipedal walking on {MABEL}},
  author={Sreenath, Koushil and Park, Hae-Won and Poulakakis, Ioannis and Grizzle, Jessy W},
  journal={The International Journal of Robotics Research},
  volume={30},
  number={9},
  pages={1170--1193},
  year={2011},
  publisher={Sage Publications}
}

@article{knuth1976analysis,
  title={An analysis of alpha-beta pruning},
  author={Knuth, Donald E and Moore, Ronald W},
  journal={Artificial intelligence},
  volume={6},
  number={4},
  pages={293--326},
  year={1976},
  publisher={Elsevier}
}

@inproceedings{steinbiss1994improvements,
  title={Improvements in beam search.},
  author={Steinbiss, Volker and Tran, Bach-Hiep and Ney, Hermann},
  booktitle={ICSLP},
  volume={94},
  number={4},
  pages={2143--2146},
  year={1994}
}

@article{goldfeld1966maximization,
  title={Maximization by quadratic hill-climbing},
  author={Goldfeld, Stephen M and Quandt, Richard E and Trotter, Hale F},
  journal={Econometrica: Journal of the Econometric Society},
  pages={541--551},
  year={1966},
  publisher={JSTOR}
}

@article{grizzle2001asymptotically,
  title={Asymptotically stable walking for biped robots: Analysis via systems with impulse effects},
  author={Grizzle, Jesse W and Abba, Gabriel and Plestan, Franck},
  journal={Automatic Control, IEEE Transactions on},
  volume={46},
  number={1},
  pages={51--64},
  year={2001},
  publisher={IEEE}
}

@INPROCEEDINGS{chestnutt2007locomotion, 
author={Chestnutt, J. and Michel, P. and Kuffner, J. and Kanade, T.}, 
booktitle={Intelligent Robots and Systems, 2007. IROS 2007. IEEE/RSJ International Conference on}, 
title={Locomotion among dynamic obstacles for the {Honda} {ASIMO}}, 
year={2007}, 
month={Oct}, 
pages={2572-2573}, 
keywords={collision avoidance;humanoid robots;mobile robots;robot vision;Honda ASIMO;dynamic environment;dynamic obstacles;locomotion;obstacle trajectories;obstacle-filled environments;robot walks;vision system;Cameras;Humanoid robots;Humans;Intelligent robots;Legged locomotion;Mobile robots;Motion planning;Navigation;Predictive models;Robot vision systems}, 
doi={10.1109/IROS.2007.4399431},}

@inproceedings{chestnutt2005footstep,
  title={Footstep planning for the {Honda} {ASIMO} humanoid},
  author={Chestnutt, Joel and Lau, Manfred and Cheung, German and Kuffner, James and Hodgins, Jessica and Kanade, Takeo},
  booktitle={Robotics and Automation, 2005. ICRA 2005. Proceedings of the 2005 IEEE International Conference on},
  pages={629--634},
  year={2005},
  organization={IEEE}
}

@INPROCEEDINGS{asano2007dynamic, 
author={Asano, F. and Zhi-Wei Luo}, 
booktitle={Robotics and Automation, 2007 IEEE International Conference on}, 
title={Dynamic Analyses of Underactuated Virtual Passive Dynamic Walking}, 
year={2007}, 
month={April}, 
pages={3210-3217}, 
keywords={legged locomotion;motion control;robot dynamics;ZMP-free robots;ankle-joint torque;compasslike biped robots;dynamic analysis;dynamic bipedal gait;foot convex curve shape;high-speed dynamic walking;hip-joint torque;linear approximation;robotic biped locomotion;semicircular feet rolling effect;underactuated virtual passive dynamic walking;virtual gravity;Acceleration;Energy efficiency;Foot;Gravity;Legged locomotion;Mathematical model;Robot control;Robotics and automation;Shape;Torque}, 
doi={10.1109/ROBOT.2007.363968}, 
ISSN={1050-4729}
}

@inproceedings{byl2008approximate,
  title={Approximate optimal control of the compass gait on rough terrain},
  author={Byl, Katie and Tedrake, Russ},
  booktitle={Robotics and Automation, 2008. ICRA 2008. IEEE International Conference on},
  pages={1258--1263},
  year={2008},
  organization={IEEE}
}

@article{russell1983odex,
  title={Odex {I}: The first functionoid},
  author={Russell, M},
  journal={Robotics Age},
  volume={5},
  number={5},
  pages={12--18},
  year={1983}
}

@article{waldron1986adaptive,
  title={The adaptive suspension vehicle},
  author={Waldron, Kenneth J and McGhee, Robert B},
  journal={IEEE Control Systems Magazine},
  volume={6},
  number={6},
  pages={7--12},
  year={1986}
}

@article{collins2001three,
  title={A three-dimensional passive-dynamic walking robot with two legs and knees},
  author={Collins, Steven H and Wisse, Martijn and Ruina, Andy},
  journal={The International Journal of Robotics Research},
  volume={20},
  number={7},
  pages={607--615},
  year={2001},
  publisher={SAGE Publications}
}

@inproceedings{tedrake2004actuating,
  title={Actuating a simple {3D} passive dynamic walker},
  author={Tedrake, Russ and Zhang, Teresa Weirui and Fong, Ming-fai and Seung, H Sebastian},
  booktitle={Robotics and Automation, 2004. Proceedings. ICRA'04. 2004 IEEE International Conference on},
  volume={5},
  pages={4656--4661},
  year={2004},
  organization={IEEE}
}

@INPROCEEDINGS{franken2008analysis, 
author={Franken, M. and van Oort, G. and Stramigioli, S.}, 
booktitle={Intelligent Robots and Systems, 2008. IROS 2008. IEEE/RSJ International Conference on}, 
title={Analysis and simulation of fully ankle actuated planar bipedal robots}, 
year={2008}, 
month={Sept}, 
pages={634-639}, 
keywords={legged locomotion;robot dynamics;ankle actuated planar bipedal robots;ankle joints;passive dynamic walkers;robot gait;simulation;stable limit cycle;swing leg;Foot;Humans;Knee;Leg;Legged locomotion;Robots;Shape}, 
doi={10.1109/IROS.2008.4650629}
}

@book{sutton1998introduction,
  title={Introduction to reinforcement learning},
  author={Sutton, Richard S and Barto, Andrew G},
  year={1998},
  publisher={MIT Press}
}

@inproceedings{collins2005bipedal,
  title={A bipedal walking robot with efficient and human-like gait},
  author={Collins, Steven H and Ruina, Andy},
  booktitle={Robotics and Automation, 2005. ICRA 2005. Proceedings of the 2005 IEEE International Conference on},
  pages={1983--1988},
  year={2005},
  organization={IEEE}
}

@article{aastrom2001future,
  title={The future of {PID} control},
  author={{\AA}str{\"o}m, Karl Johan and H{\"a}gglund, Tore},
  journal={Control Engineering Practice},
  volume={9},
  number={11},
  pages={1163--1175},
  year={2001},
  publisher={Elsevier}
}

@article{martin2014design,
  title={Design and experimental implementation of a hybrid zero dynamics-based controller for planar bipeds with curved feet},
  author={Martin, Anne E and Post, David C and Schmiedeler, James P},
  journal={The International Journal of Robotics Research},
  pages={0278364914522141},
  year={2014},
  publisher={SAGE Publications}
}

@inproceedings{raibert2008bigdog,
  title={Bigdog, the rough-terrain quadruped robot},
  author={Raibert, Marc and Blankespoor, Kevin and Nelson, Gabriel and Playter, Rob and others},
  booktitle={Proceedings of the 17th World Congress},
  pages={10823--10825},
  year={2008}
}

@article{martinpredicting,
  title={Predicting Healthy Human and Amputee Walking Gait using Ideas from Underactuated Robot Control},
  author={Martin, Anne E and Schmiedeler, James P}
}

@article{rivera1986internal,
  title={Internal model control: {PID} controller design},
  author={Rivera, Daniel E and Morari, Manfred and Skogestad, Sigurd},
  journal={Industrial \& engineering chemistry process design and development},
  volume={25},
  number={1},
  pages={252--265},
  year={1986},
  publisher={ACS Publications}
}

@article{hurmuzlu1994rigid,
  title={Rigid body collisions of planar kinematic chains with multiple contact points},
  author={Hurmuzlu, Yildirim and Marghitu, Dan B},
  journal={The International Journal of Robotics Research},
  volume={13},
  number={1},
  pages={82--92},
  year={1994},
  publisher={Sage Publications}
}

@book{westervelt2007feedback,
title={Feedback Control of Dynamic Bipedal Robot Locomotion},
author={Westervelt, Eric R and Grizzle, Jessy W and Chevallereau, Christine and Choi, Jun-Ho and Morris, Benjamin},
publisher={Taylor \& Francis/{CRC}},
year={2007}
}

@book{isidori1995nonlinear,
  title={Nonlinear control systems},
  author={Isidori, Alberto},
  volume={1},
  year={1995},
  publisher={Springer}
}

@article{chevallereau2003rabbit,
  title={RABBIT: A testbed for advanced control theory},
  author={Chevallereau, Christine and Gabriel, Abba and Aoustin, Yannick and Plestan, Franck and Westervelt, Eric and De Wit, Carlos Canudas and Grizzle, Jessy and others},
  journal={IEEE Control Systems Magazine},
  volume={23},
  number={5},
  pages={57--79},
  year={2003}
}

@article{hurmuzlu2004modeling,
  title={Modeling, stability and control of biped robots—a general framework},
  author={Hurmuzlu, Yildirim and G{\'e}not, Frank and Brogliato, Bernard},
  journal={Automatica},
  volume={40},
  number={10},
  pages={1647--1664},
  year={2004},
  publisher={Elsevier}
}

@book{camacho2013model,
  title={Model predictive control},
  author={Camacho, Eduardo F and Alba, Carlos Bordons},
  year={2013},
  publisher={Springer}
}

@inproceedings{herbert1989terrain,
  title={Terrain mapping for a roving planetary explorer},
  author={Herbert, M and Caillas, C and Krotkov, Eric and Kweon, In So and Kanade, Takeo},
  booktitle={Robotics and Automation, 1989. Proceedings., 1989 IEEE International Conference on},
  pages={997--1002},
  year={1989},
  organization={IEEE}
}

@inproceedings{triebel2006multi,
  title={Multi-level surface maps for outdoor terrain mapping and loop closing},
  author={Triebel, Rudolph and Pfaff, Patrick and Burgard, Wolfram},
  booktitle={Intelligent Robots and Systems, 2006 IEEE/RSJ International Conference on},
  pages={2276--2282},
  year={2006},
  organization={IEEE}
}

@inproceedings{brooks2007self,
  title={Self-supervised classification for planetary rover terrain sensing},
  author={Brooks, Christopher A and Iagnemma, Karl D},
  booktitle={Aerospace Conference, 2007 IEEE},
  pages={1--9},
  year={2007},
  organization={IEEE}
}

@article{collins2005efficient,
	title={Efficient bipedal robots based on passive-dynamic walkers},
	author={Collins, Steve and Ruina, Andy and Tedrake, Russ and Wisse, Martijn},
	journal={Science},
	volume={307},
	number={5712},
	pages={1082--1085},
	year={2005},
	publisher={American Association for the Advancement of Science}
}

@article{seidman1989well,
	title={Well posedness and convergence of some regularisation methods for non-linear ill posed problems},
	author={Seidman, Thomas I and Vogel, Curtis R},
	journal={Inverse problems},
	volume={5},
	number={2},
	pages={227},
	year={1989},
	publisher={IOP Publishing}
}

@article{kavraki1996probabilistic,
	title={Probabilistic roadmaps for path planning in high-dimensional configuration spaces},
	author={Kavraki, Lydia E and Svestka, Petr and Latombe, J-C and Overmars, Mark H},
	journal={Robotics and Automation, IEEE Transactions on},
	volume={12},
	number={4},
	pages={566--580},
	year={1996},
	publisher={IEEE}
}

@article{hwang1992potential,
	title={A potential field approach to path planning},
	author={Hwang, Yong K and Ahuja, Narendra},
	journal={Robotics and Automation, IEEE Transactions on},
	volume={8},
	number={1},
	pages={23--32},
	year={1992},
	publisher={IEEE}
}

@inproceedings{quinlan1993elastic,
	title={Elastic bands: Connecting path planning and control},
	author={Quinlan, Sean and Khatib, Oussama},
	booktitle={Robotics and Automation, 1993. Proceedings., 1993 IEEE International Conference on},
	pages={802--807},
	year={1993},
	organization={IEEE}
}

@article{kalmar2004near,
	title={Near-optimal dynamic trajectory generation and control of an omnidirectional vehicle},
	author={Kalm{\'a}r-Nagy, Tam{\'a}s and D’Andrea, Raffaello and Ganguly, Pritam},
	journal={Robotics and Autonomous Systems},
	volume={46},
	number={1},
	pages={47--64},
	year={2004},
	publisher={Elsevier}
}

@article{perez2007particle,
	title={Particle swarm approach for structural design optimization},
	author={Perez, RE and Behdinan, K},
	journal={Computers \& Structures},
	volume={85},
	number={19},
	pages={1579--1588},
	year={2007},
	publisher={Elsevier}
}

@inproceedings{li2005multi,
	title={A multi-objective genetic algorithm for robust design optimization},
	author={Li, Mian and Azarm, Shapour and Aute, Vikrant},
	booktitle={Proceedings of the 2005 conference on Genetic and evolutionary computation},
	pages={771--778},
	year={2005},
	organization={ACM}
}

@article{jang1993anfis,
	title={ANFIS: adaptive-network-based fuzzy inference system},
	author={Jang, J-SR},
	journal={Systems, Man and Cybernetics, IEEE Transactions on},
	volume={23},
	number={3},
	pages={665--685},
	year={1993},
	publisher={IEEE}
}

@inproceedings{shih2007asymptotically,
	title={Asymptotically stable walking of a simple underactuated 3D bipedal robot},
	author={Shih, Ching-Long and Grizzle, JW and Chevallereau, C},
	booktitle={Industrial Electronics Society, 2007. IECON 2007. 33rd Annual Conference of the IEEE},
	pages={2766--2771},
	year={2007},
	organization={IEEE}
}

@article{winter2007corpus,
	title={The Mechanical Problems in the Corpus of {Aristotle}},
	author={Thomas Nelson Winter},
	journal={DigitalCommons@University of Nebraska},
	year={2007}
	publisher={University of Nebraska, Lincoln}
}

@book{tedrake2009opencourseware,
	title={6.832 Underactuated Robotics, Spring 2009},
	author={Russel Tedrake},
	year={2009},
	publisher={MIT OpenCourseWare: Massachusetts Institute of Technology},
	note={http://ocw.mit.edu/courses/electrical-engineering-and-computer-science/6-832-underactuated-robotics-spring-2009 (Accessed May, 2014)}
}